  @misc{ enwiki:1085794346,
    author = "{Wikipedia contributors}",
    title = "Homology (mathematics) --- {Wikipedia}{,} The Free Encyclopedia",
    year = "2022",
    howpublished = "\url{https://en.wikipedia.org/w/index.php?title=Homology_(mathematics)&oldid=1085794346}",
    note = "[Online; accessed 30-May-2022]"
  }
  @booklet{key,
  author = {段海豹},
  title = {ͬ同调论简史},
  }
