@misc{NBS_2021,
    author = {{Prof. Bert de Groot}},
    year = {2021},
    title = {Practical 1: Introduction to molecular dynamics simulation},
    howpublished = {\url{https://www3.mpibpc.mpg.de/groups/de_groot/compbio1/p1/}}    
}
