@article{BHATTACHARJEE2022168598,
title = {Implementation of an enhanced 32 channel 256 Gbps DWDM based Radio over Fiber optical system for constricted channel spacing employing Fiber Bragg Grating},
journal = {Optik},
volume = {253},
year = {2022},
issn = {0030-4026},
doi = {https://doi.org/10.1016/j.ijleo.2022.168598},
url = {https://www.sciencedirect.com/science/article/pii/S0030402622000262},
author = {Rituraj Bhattacharjee and Priyanka Dey and Ardhendu Saha},
keywords = {Radio over Fiber, Fiber Bragg Grating, Wavelength Division Multiplexing, DWDM, Dispersion Compensating Fiber, Optisystem, Four wave mixing, Dispersion compensation},
}
,
@incollection{HICKMAN199025,
title = {Chapter 2 - Passive circuits},
editor = {Ian Hickman},
booktitle = {Analog Electronics},
publisher = {Newnes},
pages = {25-43},
year = {1990},
isbn = {978-0-434-90723-6},
doi = {https://doi.org/10.1016/B978-0-434-90723-6.50007-9},
url = {https://www.sciencedirect.com/science/article/pii/B9780434907236500079},
author = {Ian Hickman}
}
,
  @misc{enwiki:1158016020,
    author = "{Wikipedia contributors}",
    title = "Bit error rate --- {Wikipedia}{,} The Free Encyclopedia",
    year = "2023",
    url = "https://en.wikipedia.org/w/index.php?title=Bit_error_rate&oldid=1158016020",
  }