@book{stein2010complex,
  title={Complex Analysis},
  author={Stein, E.M. and Shakarchi, R.},
  isbn={9781400831159},
  lccn={2005274996},
  series={Princeton lectures in analysis},
  url={https://books.google.com.tw/books?id=0ECHh9tjPUAC},
  year={2010},
  publisher={Princeton University Press}
}
@misc{fornaess2020holomorphic,
      title={Holomorphic approximation: the legacy of Weierstrass, Runge, Oka-Weil, and Mergelyan}, 
      author={John Erik Fornaess and Franc Forstneric and Erlend Fornaess Wold},
      year={2020},
      pages = {6--15},
      eprint={1802.03924},
      url = {https://arxiv.org/abs/1802.03924},
      archivePrefix={arXiv},
      primaryClass={math.CV}
}