@booklet{RN03,
  title = {Ashkin creates his light trap},
  url="https://www.nobelprize.org/uploads/2018/10/press-fig1-fy-en-tweezers.pdf"
}
@Misc{RN04,
 Title = {The Nobel Prize in Physics 2018},
 year = {2018},
 note={\url{https://www.nobelprize.org/prizes/physics/2018/summary/}}

}
@Misc{RN05,
 Title = {The Nobel Prize in Physics 2017},
 year = {2018},
 note={\url{https://www.nobelprize.org/prizes/physics/2017/summary/}}

}
@Misc{RN06,
 Title = {The Nobel Prize in Physics 2006},
 year = {2006},
 note={\url{https://www.nobelprize.org/prizes/physics/2006/summary/}}

}
@Misc{RN07,
 Title = {Diffuse Infrared Background Experiment (DIRBE)},
 year = {2006},
 note={\url{https://nssdc.gsfc.nasa.gov/nmc/experiment/display.action?id=1989-089A-02}}

}
@Misc{RN08,
 Title = {Far Infrared Absolute Spectrophotometer (FIRAS)},
 year = {2006},
 note={\url{https://nssdc.gsfc.nasa.gov/nmc/experiment/display.action?id=1989-089A-01}}

}
@Misc{RN09,
 Title = {for pioneering contributions to astrophysics, in particular for the detection of cosmic neutrinos" and the other half to Riccardo Giacconi},
 year = {2002},
 note={\url{https://www.nobelprize.org/prizes/physics/2002/summary/}}

}
@Misc{RN11,
 Title = {for development of methods to cool and trap atoms with laser light},
 year = {1997},
 note={\url{https://www.nobelprize.org/prizes/physics/1997/summary/}}

}
@Misc{RN12,
 Title = {for their contribution to the development of laser spectroscopy},
 year = {1981},
 note={\url{https://www.nobelprize.org/prizes/physics/1981/summary/}}

}
@Misc{RN13,
 Title = {for fundamental work in the field of quantum electronics, which has led to the construction of oscillators and amplifiers based on the maser-laser principle},
 year = {1964},
 note={\url{https://www.nobelprize.org/prizes/physics/1964/summary/}}

}
@Misc{RN14,
 Title = {for her determinations by X-ray techniques of the structures of important biochemical substances},
 year = {1964},
 note={\url{https://www.nobelprize.org/prizes/chemistry/1964/summary/}}

}
@Misc{RN15,
 Title = {for his studies of the transition states of chemical reactions using femtosecond spectroscopy},
 year = {1999},
 note={\url{https://www.nobelprize.org/prizes/chemistry/1999/summary/}}

}
@misc{HodgkinDorothy1937Xrca,
booktitle = {X -ray crystallography and the chemistry of the sterols},
year = {1937},
title = {X -ray crystallography and the chemistry of the sterols / Dorothy Mary Crowfoot.},
language = {eng},
author = {Hodgkin, Dorothy},
keywords = {X-ray crystallography; Sterols},
}