@booklet{key1,
  author = {Hundley, Douglas},
  title = {Rate of Convergence},
  url="http://people.whitman.edu/~hundledr/courses/M467F06/ConvAndError.pdf"
}
@booklet{key2,
  author = {Weisstein, Eric W.},
  title = {Newton's Method},
  url="https://mathworld.wolfram.com/NewtonsMethod.html"
}
@booklet{key3,
  author = {Wu, X.},
  title = {Roots of Equations},
  url="https://www.ece.mcmaster.ca/~xwu/part2.pd"
}
  @misc{enwiki:1141352419,
    author = "{Wikipedia contributors}",
    title = "Jacobian matrix and determinant --- {Wikipedia}{,} The Free Encyclopedia",
    year = "2023",
    url = "https://en.wikipedia.org/w/index.php?title=Jacobian_matrix_and_determinant&oldid=1141352419",
    note = "[Online; accessed 6-March-2023]"
  }
