@article{zweibel2009magnetic,
  title={Magnetic reconnection in astrophysical and laboratory plasmas},
  author={Zweibel, Ellen G and Yamada, Masaaki},
  journal={Annual review of astronomy and astrophysics},
  volume={47},
  pages={291--332},
  year={2009},
  publisher={Annual Reviews}
}